<?xml version="1.0" encoding="UTF-8"?><record xmlns="http://www.loc.gov/MARC21/slim" xmlns:cinclude="http://apache.org/cocoon/include/1.0" xmlns:zs="http://www.loc.gov/zing/srw/">
  <leader>01470cz  a2200205n  4500</leader>
  <controlfield tag="001">nr2004019487</controlfield>
  <controlfield tag="003">DLC</controlfield>
  <controlfield tag="005">20130322110117.0</controlfield>
  <controlfield tag="008">040628n| azannaabn          |a aaa     c</controlfield>
  <datafield tag="010" ind1=" " ind2=" ">
    <subfield code="a">nr2004019487</subfield>
  </datafield>
  <datafield tag="035" ind1=" " ind2=" ">
    <subfield code="a">(OCoLC)oca06451978</subfield>
  </datafield>
  <datafield tag="040" ind1=" " ind2=" ">
    <subfield code="a">DSI-AAA</subfield>
    <subfield code="b">eng</subfield>
    <subfield code="e">rda</subfield>
    <subfield code="c">DSI-AAA</subfield>
    <subfield code="d">DLC</subfield>
    <subfield code="d">OCoLC</subfield>
    <subfield code="d">WaU</subfield>
    <subfield code="d">DLC</subfield>
  </datafield>
  <datafield tag="046" ind1=" " ind2=" ">
    <subfield code="f">[1911,1912]</subfield>
    <subfield code="g">1996</subfield>
    <subfield code="2">edtf</subfield>
  </datafield>
  <datafield tag="100" ind1="1" ind2=" ">
    <subfield code="a">Fleckenstein, Opal R.,</subfield>
    <subfield code="d">1911 or 1912-1996</subfield>
  </datafield>
  <datafield tag="400" ind1="1" ind2=" ">
    <subfield code="w">nnea</subfield>
    <subfield code="a">Fleckenstein, Opal R.,</subfield>
    <subfield code="d">1911 or 12-1996</subfield>
  </datafield>
  <datafield tag="400" ind1="1" ind2=" ">
    <subfield code="a">Fleckenstein, Opal Young,</subfield>
    <subfield code="d">1911 or 1912-1996</subfield>
  </datafield>
  <datafield tag="670" ind1=" " ind2=" ">
    <subfield code="a">Oral history interview with Opal R. Fleckenstein, 1965 Nov. 19-20:</subfield>
    <subfield code="b">(Opal R. Fleckenstein; painter, ceramicist; Seattle, Wash.; b. 1911; taught at North Idaho Junior College, Coeur d'Alene, Idaho)</subfield>
  </datafield>
  <datafield tag="670" ind1=" " ind2=" ">
    <subfield code="a">WW Amer. art, 1993-94:</subfield>
    <subfield code="b">(Fleckenstein, Opal R.; painter, ceramist; b. Macksville, Kan.; Nov. 19, 1911; taught at Eastern Wash. University 1949-1975)</subfield>
  </datafield>
  <datafield tag="670" ind1=" " ind2=" ">
    <subfield code="a">WW Amer. women, 1958-59:</subfield>
    <subfield code="b">(Fleckenstein, Opal Young; artist, educator; b. Macksville, Kan., Nov. 19, 1912; d. of Archibald Ringford and Cora May (Plowan) Young; m. Fred A. Fleckenstein; taught at Northern Idaho Junior College, Coeur d'Alene, 1944-50; art instructor at Eastern Wash. College of Education 1949- ; Spokane, Wash.)</subfield>
  </datafield>
  <datafield tag="670" ind1=" " ind2=" ">
    <subfield code="a">WwasW Amer. art, 1999</subfield>
    <subfield code="b">(Fleckenstein, Opal (Mrs. Fred), painter, teacher, craftsperson; b. 1912, Macksville, Kan.; instructor North Idaho Jounior College, Coeur d'Alene; instructor Eastern Wash. College of Education, Spokane, Wash.)</subfield>
  </datafield>
</record>